@article{zhang2023effects,
  title={基于深度学习的图像识别技术在医疗诊断中的应用},
  author={张三 and 李四 and 王五},
  organization={清华大学人工智能研究所},
  journal={人工智能前沿},
  year={2023},
  volume={35},
  number={2},
  pages={45--59},
  month={6},
  language={zh},
  doi={10.5555/1234567},
}

@article{author2023example,
  title={Example Title: A Comprehensive Study},
  author={Author, A. and Coauthor, B.},
  journal={Journal of Examples},
  volume={42},
  number={3},
  pages={123--456},
  year={2023},
  publisher={Example Publishing House},
  doi={10.1234/example.2023.03},
}